@incollection{bovermannComputation,
  author    = {Bovermann, Till and Griffiths, David and Peters, Julian and Rohrhuber, Julian},
  title     = {Computation in the Wild},
  booktitle = {The SuperCollider Book},
  editor    = {Wilson, Scott and Cottle, David and Collins, Nick},
  publisher = {MIT Press},
  year      = {2014},
  pages     = {519--542},
  language  = {english}
}
